%Soot Survival Guide
@online{ref:sootsurvival,
author={Arni Einarsson and Janus Dam Nielsen},
title={A Survivor's Guide to Java Program Analysis with Soot},
year={2008},
url={http://www.brics.dk/SootGuide/sootsurvivorsguide.pdf},
urldate={2013-08-06}
}

%Incrementalized Pointer and Escape Analysis
@article{ref:incrementalescape,
 author = {Vivien, Fr{\'e}d{\'e}ric and Rinard, Martin},
 title = {Incrementalized pointer and escape analysis},
 journal = {SIGPLAN Not.},
 issue_date = {May 2001},
 volume = {36},
 number = {5},
 month = may,
 year = {2001},
 issn = {0362-1340},
 pages = {35--46},
 numpages = {12},
 url = {http://doi.acm.org/10.1145/381694.378804},
 doi = {10.1145/381694.378804},
 acmid = {378804},
 publisher = {ACM},
 address = {New York, NY, USA},
}

%Compositional Pointer and Escape Analysis for Java Programs
@inproceedings{ref:compositionalEscape,
 author = {Whaley, John and Rinard, Martin},
 title = {Compositional pointer and escape analysis for Java programs},
 booktitle = {Proceedings of the 14th ACM SIGPLAN conference on Object-oriented programming, systems, languages, and applications},
 series = {OOPSLA '99},
 year = {1999},
 isbn = {1-58113-238-7},
 location = {Denver, Colorado, USA},
 pages = {187--206},
 numpages = {20},
 url = {http://doi.acm.org/10.1145/320384.320400},
 doi = {10.1145/320384.320400},
 acmid = {320400},
 publisher = {ACM},
 address = {New York, NY, USA},
}

%Soot: A Java Optimization Framework
@inproceedings{ref:Soot,
 author = {Vall{\'e}e-Rai, Raja and Co, Phong and Gagnon, Etienne and Hendren, Laurie and Lam, Patrick and Sundaresan, Vijay},
 title = {Soot - a Java bytecode optimization framework},
 booktitle = {Proceedings of the 1999 conference of the Centre for Advanced Studies on Collaborative research},
 series = {CASCON '99},
 year = {1999},
 location = {Mississauga, Ontario, Canada},
 pages = {13--},
 url = {http://dl.acm.org/citation.cfm?id=781995.782008},
 acmid = {782008},
 publisher = {IBM Press},
}

%ReIM and ReImInfer: Checking and Inference of Reference Immutability and Method Purity
@inproceedings{ref:ReIm,
 author = {Huang, Wei and Milanova, Ana and Dietl, Werner and Ernst, Michael D.},
 title = {Reim \& ReImInfer: checking and inference of reference immutability and method purity},
 booktitle = {Proceedings of the ACM international conference on Object oriented programming systems languages and applications},
 series = {OOPSLA '12},
 year = {2012},
 isbn = {978-1-4503-1561-6},
 location = {Tucson, Arizona, USA},
 pages = {879--896},
 numpages = {18},
 url = {http://doi.acm.org/10.1145/2384616.2384680},
 doi = {10.1145/2384616.2384680},
 acmid = {2384680},
 publisher = {ACM},
 address = {New York, NY, USA},
 keywords = {inference, method purity, reference immutability, type system},
}

%Inter-procedural Data-flow Analysis with IFDS/IDE and Soot
@inproceedings{ref:interwithsoot,
 author = {Bodden, Eric},
 title = {Inter-procedural data-flow analysis with IFDS/IDE and Soot},
 booktitle = {Proceedings of the ACM SIGPLAN International Workshop on State of the Art in Java Program analysis},
 series = {SOAP '12},
 year = {2012},
 isbn = {978-1-4503-1490-9},
 location = {Beijing, China},
 pages = {3--8},
 numpages = {6},
 url = {http://doi.acm.org/10.1145/2259051.2259052},
 doi = {10.1145/2259051.2259052},
 acmid = {2259052},
 publisher = {ACM},
 address = {New York, NY, USA},
 keywords = {IDE, IFDS, flow-sensitive analysis, inter-procedural static analysis},
} 

%Automatic inference of Stationary Fields: a Generalization of Java's Final Fields
@article{ref:finalinference,
 author = {Unkel, Christopher and Lam, Monica S.},
 title = {Automatic inference of stationary fields: a generalization of java's final fields},
 journal = {SIGPLAN Not.},
 issue_date = {January 2008},
 volume = {43},
 number = {1},
 month = jan,
 year = {2008},
 issn = {0362-1340},
 pages = {183--195},
 numpages = {13},
 url = {http://doi.acm.org/10.1145/1328897.1328463},
 doi = {10.1145/1328897.1328463},
 acmid = {1328463},
 publisher = {ACM},
 address = {New York, NY, USA},
 keywords = {Java, final, initialization, stationary},
}

%Javari
@inproceedings{ref:javari,
 author = {Tschantz, Matthew S. and Ernst, Michael D.},
 title = {Javari: adding reference immutability to Java},
 booktitle = {Proceedings of the 20th annual ACM SIGPLAN conference on Object-oriented programming, systems, languages, and applications},
 series = {OOPSLA '05},
 year = {2005},
 isbn = {1-59593-031-0},
 location = {San Diego, CA, USA},
 pages = {211--230},
 numpages = {20},
 url = {http://doi.acm.org/10.1145/1094811.1094828},
 doi = {10.1145/1094811.1094828},
 acmid = {1094828},
 publisher = {ACM},
 address = {New York, NY, USA},
 keywords = {Java, Javari, assignable, immutability, mutable, readonly, type system, verification},
} 

@article{ref:escapejava,
 author = {Choi, Jong-Deok and Gupta, Manish and Serrano, Mauricio and Sreedhar, Vugranam C. and Midkiff, Sam},
 title = {Escape analysis for Java},
 journal = {SIGPLAN Not.},
 issue_date = {Oct. 1999},
 volume = {34},
 number = {10},
 month = oct,
 year = {1999},
 issn = {0362-1340},
 pages = {1--19},
 numpages = {19},
 url = {http://doi.acm.org/10.1145/320385.320386},
 doi = {10.1145/320385.320386},
 acmid = {320386},
 publisher = {ACM},
 address = {New York, NY, USA},
} 

@inproceedings{ref:or,
 author = {Bodden, Eric and Lam, Patrick and Hendren, Laurie},
 title = {Object representatives: a uniform abstraction for pointer information},
 booktitle = {Proceedings of the 2008 international conference on Visions of Computer Science: BCS International Academic Conference},
 series = {VoCS'08},
 year = {2008},
 location = {London, UK},
 pages = {391--405},
 numpages = {15},
 url = {http://dl.acm.org/citation.cfm?id=2227536.2227569},
 acmid = {2227569},
 publisher = {British Computer Society},
 address = {Swinton, UK, UK},
}

@inproceedings{ref:globalescape,
 author = {Kotzmann, Thomas and M\"{o}ssenb\"{o}ck, Hanspeter},
 title = {Escape analysis in the context of dynamic compilation and deoptimization},
 booktitle = {Proceedings of the 1st ACM/USENIX international conference on Virtual execution environments},
 series = {VEE '05},
 year = {2005},
 isbn = {1-59593-047-7},
 location = {Chicago, IL, USA},
 pages = {111--120},
 numpages = {10},
 url = {http://doi.acm.org/10.1145/1064979.1064996},
 doi = {10.1145/1064979.1064996},
 acmid = {1064996},
 publisher = {ACM},
 address = {New York, NY, USA},
} 
